<?xml version="1.0" encoding="UTF-8"?><collection xmlns="http://www.loc.gov/MARC21/slim"><record><leader>00478nam--2200169-i-4500</leader><controlfield tag="001">000043033</controlfield><controlfield tag="002">20161230</controlfield><controlfield tag="005">20161230201043</controlfield><controlfield tag="008">060222s1000------------r-----000-0-eng-d</controlfield><datafield ind1=" " ind2=" " tag="040"><subfield code="a">IFIN-HH</subfield></datafield><datafield ind1=" " ind2=" " tag="080"><subfield code="a">538.3:535.1</subfield></datafield><datafield ind1="1" ind2=" " tag="100"><subfield code="a">Stone,John M</subfield></datafield><datafield ind1="1" ind2="0" tag="245"><subfield code="a">Radiation and optics</subfield><subfield code="b">An introduction to the classical theory</subfield><subfield code="c">John m. stone</subfield></datafield><datafield ind1=" " ind2=" " tag="260"><subfield code="a">New York</subfield><subfield code="b">Mcgraw-hill Book Company, Inc</subfield><subfield code="c">1963</subfield></datafield><datafield ind1=" " ind2=" " tag="300"><subfield code="a">XVI + 544 P</subfield></datafield><datafield ind1=" " ind2=" " tag="852"><subfield code="a">15261</subfield><subfield code="c">535</subfield></datafield><datafield ind1=" " ind2=" " tag="CAT"><subfield code="a">Sys</subfield><subfield code="c">20101019</subfield><subfield code="h">140256</subfield></datafield></record></collection>